

@inproceedings{DBLP:conf/sp/SarracinoTM22,
  author    = {John Sarracino and
               Gang Tan and
               Greg Morrisett},
  title     = {Certified Parsing of Dependent Regular Grammars},
  booktitle = {43rd {IEEE} Security and Privacy, {SP} Workshops 2022, San Francisco,
               CA, USA, May 22-26, 2022},
  pages     = {113--123},
  publisher = {{IEEE}},
  year      = {2022},
  url       = {https://doi.org/10.1109/SPW54247.2022.9833893},
  doi       = {10.1109/SPW54247.2022.9833893},
  timestamp = {Fri, 29 Jul 2022 10:34:36 +0200},
  biburl    = {https://dblp.org/rec/conf/sp/SarracinoTM22.bib},
  bibsource = {dblp computer science bibliography, https://dblp.org}
}

@inproceedings{DBLP:conf/popl/JimMW10,
  author    = {Trevor Jim and
               Yitzhak Mandelbaum and
               David Walker},
  editor    = {Manuel V. Hermenegildo and
               Jens Palsberg},
  title     = {Semantics and algorithms for data-dependent grammars},
  booktitle = {Proceedings of the 37th {ACM} {SIGPLAN-SIGACT} Symposium on Principles
               of Programming Languages, {POPL} 2010, Madrid, Spain, January 17-23,
               2010},
  pages     = {417--430},
  publisher = {{ACM}},
  year      = {2010},
  url       = {https://doi.org/10.1145/1706299.1706347},
  doi       = {10.1145/1706299.1706347},
  timestamp = {Tue, 22 Jun 2021 17:10:57 +0200},
  biburl    = {https://dblp.org/rec/conf/popl/JimMW10.bib},
  bibsource = {dblp computer science bibliography, https://dblp.org}
}